
@COMMENT{Rado Ivanov - prop_spec.bib -8/20/2014} 
@COMMENT{BibTex for CIS400/401 Project Proposal Specification}
@COMMENT{Note that in practice these citation blocks are found online. You should not be manually entering paper and journal names unless you really cannot find the citation. Usually if you google "[paper name] bibtex" something will come up.

@inproceedings{ivanov14,
 title = {Attack-Resilient Sensor Fusion},
 author = {Ivanov, Radoslav and Pajic, Miroslav and Lee, Insup},
 booktitle = {DATE'14: Design, Automation and Test in Europe},
 year = {2014}
}

@inproceedings{palm,
 title = {Neural Associative Memories and Sparse Coding},
 author = {Palm, G\"{u}nther},
 booktitle = {Neural Networks 37},
 year = {2013}
}

@inproceedings{holographic,
 title = {Non-holographic Associative Memory},
 author = {Willshaw, D. J. and Buneman, O. P. and Longuet-Higgins, H. C.},
 booktitle = {Nature},
 year = {1969}
}

@inproceedings{distributed,
 title = {Distributed Representations},
 author = {Hinton, Geoffrey},
 booktitle = {Research Showcase @ CMU},
 year = {1984}
}

@inproceedings{bobrow,
 title = {Descriptions: An Intermediate Stage in Memory Retreival},
 author = {Norman D. A. and Bobrow, D. G.},
 booktitle = {Cognitive Psychology},
 year = {1979}
}

@COMMENT{Formatting URL's in bibliographies is no convenient task. We're trying to work out a better solution -- but for now we just examine the output and manually insert spaces where they are most appropriate (as below).}
	
@MISC{latex_wikibook,
	author = "Wikibooks",
	title = "La{T}e{X}",
	howpublished = {\texttt{http://en.wikibooks.org/wiki/ LaTeX}},
	note = "Note: Students should not cite Wikis!"
}

@MISC{ctan_pdf,
	author = "The Comprehensive TeX Archive Network (CTAN)",
	title = "A (Not So) Short Introduction to {LaTeX2e}",
	howpublished = {\texttt{http://www. ctan.org/tex-archive/info/lshort/english/}},
}
